@book{latexcompanion,
    author    = "Michel Goossens and Frank Mittelbach and Alexander Samarin",
    title     = "The \LaTeX\ Companion",
    year      = "1993",
    publisher = "Addison-Wesley",
    address   = "Reading, Massachusetts"
}

@article{DBLP:journals/corr/abs-1809-07572,
  title={Challenges for Toxic Comment Classification: An In-Depth Error Analysis},
  author={Betty van Aken and Julian Risch and Ralf Krestel and Alexander Loser},
  journal={arXiv preprint arXiv:1809.07572},
  year={2018},
  url={https://arxiv.org/pdf/1809.07572},
}

